@Book{vitalino:01,
  author = {Jeferson Fernando Noronha Vitalino},
  title = {Descomplicando Docker: o guia definitivo para iniciantes},
  publisher = {Brasport},
  year = {2016},
  edition = {1th},
  url = {https://www.amazon.com.br/Descomplicando-Jeferson-Fernando-Noronha-Vitalino-ebook/dp/B01M4P01VI/ref=tmm_kin_swatch_0?_encoding=UTF8&qid=&sr=}
}

@Misc{github:01,
  author = {GitHub},
  title = {Introdução aos contêineres de desenvolvimento},
  year = {2022},
  note = {Disponível em: \textless https://docs.github.com/pt/codespaces/setting-up-your-project-for-codespaces/adding-a-dev-container-configuration/introduction-to-dev-containers \textgreater . Acesso em: mar. de 2024}
}

@Misc{github:02,
  author = {GitHub},
  title = {Entendendo o GitHub Actions},
  year = {2023},
  note = {Disponível em: \textless https://docs.github.com/pt/actions/learn-github-actions/understanding-github-actions \textgreater . Acesso em: mar. de 2024}
}